@article{Peterson2014,
  author="Peterson, Dale L. and Gede, Gilbert and Hubbard, Mont",
  title="Symbolic linearization of equations of motion of constrained multibody systems",
  journal="Multibody System Dynamics",
  year="2014",
  volume="33",
  number="2",
  pages="143--161",
  issn="1573-272X",
  doi="10.1007/s11044-014-9436-5",
}

@book{Lagrange1811,
  title={M{\'e}canique analytique},
  author={Lagrange, J.L.},
  number={v. 1},
  lccn={04007770},
  series={M{\'e}canique analytique},
  year={1811},
  publisher={Ve Courcier}
}

@book{Kane1985,
  title="Dynamics, Theory and Applications",
  author="Thomas R. Kane and David A. Levinson",
  year="1985",
  publisher="McGraw Hill"
}

@misc{Wolfram2016,
  title = {The Software Engineering of the Wolfram System},
  url = {https://reference.wolfram.com/language/tutorial/TheSoftwareEngineeringOfTheWolframSystem.html},
  year = {2016}
}

@article{petkovvsek1996bak,
  title={A= BAK Peters},
  author={Petkov{\v{s}}ek, Marko and Wilf, Herbert S and Zeilberger, Doron},
  journal={Wellesley, MA},
  year={1996}
}

@book{adams1994introduction,
  title={An introduction to Gr{\"o}bner bases},
  author={Adams, William Wells and Loustaunau, Philippe},
  number={3},
  year={1994},
  publisher={American Mathematical Soc.}
}

@book{biggs1976graph,
  title={Graph Theory, 1736-1936},
  author={Biggs, Norman and Lloyd, E Keith and Wilson, Robin J},
  year={1976},
  publisher={Oxford University Press}
}

@article{Sofroniou2005precise,
    title         = {Precise numerical computation},
    author        = {M. Sofroniou and G. Spaletta},
    journal       = {Journal of Logic and Algebraic Programming},
    volume        = {64},
    number        = {1},
    pages         = {113--134},
    year          = {2005},
    publisher     = {Elsevier},
}

@book{BenderOrszag1999,
  author = {C. M. Bender and S. A. Orszag}, 
  title  = {Advanced Mathematical Methods for Scientists and Engineers}, 
  publisher = {Springer}, 
  month = {October},
  year = {1999},
  edition = {1st},
}

@article{takahasi1974double,
  title={Double exponential formulas for numerical integration},
  author={Takahasi, Hidetosi and Mori, Masatake},
  journal={Publications of the Research Institute for Mathematical Sciences},
  volume={9},
  number={3},
  pages={721--741},
  year={1974},
  publisher={Research Institute forMathematical Sciences}
}

@article{bailey2005comparison,
  title={A comparison of three high-precision quadrature schemes},
  author={Bailey, David H and Jeyabalan, Karthik and Li, Xiaoye S},
  journal={Experimental Mathematics},
  volume={14},
  number={3},
  pages={317--329},
  year={2005},
  publisher={Taylor \& Francis}
}

@article{Ferguson1999,
  year  = {1999},
  month = {jan},
  volume = {68},
  number = {225},
  pages = {351--369},
  author = {Helaman R. P. Ferguson and David H. Bailey and Steve Arno},
  title = {Analysis of {PSLQ}, an integer relation finding algorithm},
  journal = {Mathematics of Computation}
}

@article{Fateman1992,
    title = {A review of {M}athematica},
    journal = {Journal of Symbolic Computation},
    volume = {13},
    number = {5},
    pages = {545--579},
    year = {1992},
    author = {Richard J. Fateman},
}

@misc{Toth2007,
    author        = {Viktor T. Toth},
    title         = {Maple and Meijer's G-function: a numerical instability and a cure},
    year          = {2007},
    howpublished  = {\url{http://www.vttoth.com/CMS/index.php/technical-notes/67}},
}

@article{goldberg1991every,
  title={What every computer scientist should know about floating-point arithmetic},
  author={Goldberg, David},
  journal={ACM Computing Surveys (CSUR)},
  volume={23},
  number={1},
  pages={5--48},
  year={1991},
  publisher={ACM}
}

@article{van2011numpy,
  title={The {NumPy} array: a structure for efficient numerical computation},
  author={Van Der Walt, Stefan and Colbert, S Chris and Varoquaux, Gael},
  journal={Computing in Science \& Engineering},
  volume={13},
  number={2},
  pages={22--30},
  year={2011},
  publisher={AIP Publishing}
}

@misc{gmpy,
  title={{GMPY}},
  author={Case Van Horsen},
  year={2015},
  howpublished = {\url{https://pypi.python.org/pypi/gmpy2}},
}

@misc{PlanetMathSymmetric,
    author        = {PlanetMathSymmetric},
    title         = {\url{http://planetmath.org/encyclopedia/ReductionAlgorithmForSymmetricPolynomials.html}},
}

@misc{MaximaGroebner,
    author        = {MaximaGroebner},
    title         = {\url{http://maxima.sourceforge.net/docs/manual/en/maxima_54.html}},
}

@misc{MathematicaGroebner,
    author        = {MathematicaGroebner},
    title         = {\url{http://reference.wolfram.com/mathematica/tutorial/ComplexPolynomialSystems.html}},
}

@misc{MathematicaInternal,
    author        = {MathematicaInternal},
    title         = {\url{http://reference.wolfram.com/mathematica/note/SomeNotesOnInternalImplementation.html}},
}

@misc{PythonModules,
    author        = {PythonModules},
    title         = {\url{http://docs.python.org/tutorial/modules.html}},
}

@misc{PythonIssue1771,
    author        = {PythonModules},
    title         = {\url{http://bugs.python.org/issue1771}},
}

@misc{UnladenSwallow,
    author        = {UnladenSwallow},
    title         = {\url{http://code.google.com/p/unladen-swallow}},
}

@misc{PyPy,
    author        = {PyPy},
    title         = {\url{http://codespeak.net/pypy}},
}

%%% TODO

@misc{KNS2009,
    author        = {Mateusz Paprocki},
    title         = {{SymPy} --- {A} {S}ystem {F}or {E}ploring {S}ymbolic {M}athematics},
    howpublished  = {KNS~'09: Annual Scientific Conference for Students},
    month         = {May},
    year          = {2009},
    location      = adr:wroclaw,
    url           = {http://sympy.googlecode.com/svn/materials/presentations/kns2009.pdf},
    keywords      = {sympy, slides},
}

%%% sympy-a-library-for-doing-symbolic-mathematics-in-pure-python.pdf

@misc{EuroSciPy2009,
    author        = {Mateusz Paprocki},
    title         = {{SymPy} --- a library for doing symbolic mathematics in pure {P}ython},
    howpublished  = {EuroScipy~'09: 2nd European Conference for Scientists using Python},
    month         = {July},
    year          = {2009},
    location      = adr:leipzig,
    url           = {http://sympy.googlecode.com/svn/materials/presentations/euroscipy2009.pdf},
    keywords      = {sympy, slides},
}

@misc{Py4Science2010,
    author        = {Mateusz Paprocki},
    title         = {{S}ymbolic {M}anipulation in {P}ure {P}ython. {I}s it {F}easible?},
    howpublished  = {Py4Science~'10: Python for Science Group Meeting},
    month         = {May},
    year          = {2010},
    location      = adr:berkeley,
    url           = {http://sympy.googlecode.com/svn/materials/presentations/py4science2010.pdf},
    keywords      = {sympy, polynomials, slides},
}

@misc{EuroSciPy2010,
    author        = {Mateusz Paprocki},
    title         = {{C}omputing with {P}olynomials in {SymPy}},
    howpublished  = {EuroScipy~'10: 3nd European Conference for Scientists using Python},
    month         = {July},
    year          = {2010},
    location      = adr:paris,
    url           = {http://www.euroscipy.org/talk/1984},
    keywords      = {sympy, polynomials, slides},
}

@misc{Haigh2005interview,
    author        = {T. Haigh},
    title         = {{G}aston {G}onnet {O}ral history interview},
    howpublished  = {Society for Industrial and Applied Mathematics},
    month         = {March},
    year          = {2005},
    location      = adr:zurich,
}

@article{Nakos1997fractionfree,
    author        = {George C. Nakos and Peter R. Turner and Robert M. Williams},
    title         = {{F}raction--{F}ree {A}lgorithms for {L}inear and {P}olynomial {E}quations},
    journal       = j:sigsam_bulletin,
    volume        = {31},
    number        = {3},
    pages         = {11--19},
    year          = {1997},
    publisher     = pub:acm,
    address       = adr:new_york,
    issn          = {0163-5824},
    doi           = {http://doi.acm.org/10.1145/271130.271133},
}

@article{Stoutemyer2008partial,
    author        = {David R. Stoutemyer},
    title         = {{M}ultivariate {P}artial {F}raction {E}xpansion},
    journal       = j:acm_comm_comp_algebra,
    volume        = {42},
    number        = {4},
    pages         = {206--210},
    year          = {2008},
    publisher     = pub:acm,
    address       = adr:new_york,
    issn          = {1932-2240},
    doi           = {http://doi.acm.org/10.1145/1504341.1504346},
}


@misc{moskewicz2008method,
  title={Method and system for efficient implementation of boolean satisfiability},
  author={Moskewicz, M. and Madigan, C. and Malik, S.},
  url={http://www.google.co.in/patents/US7418369},
  year={2008},
  month=aug # "~26",
  publisher={Google Patents},
  note={US Patent 7,418,369}
}

